@ARTICLE{landmine_example,
  author={Montoya, T.P. and Smith, G.S.},
  journal={IEEE Transactions on Antennas and Propagation}, 
  title={Land mine detection using a ground-penetrating radar based on resistively loaded Vee dipoles}, 
  year={1999},
  volume={47},
  number={12},
  pages={1795-1806},
  doi={10.1109/8.817655}}

  @INPROCEEDINGS{absorbing_material,
  author={Xiao, Zhiwen and He, Jianguo and Liu, Peiguo},
  booktitle={2008 China-Japan Joint Microwave Conference}, 
  title={Study of a Planar Spiral Antenna Used in Ground Penetrating Radar System}, 
  year={2008},
  volume={},
  number={},
  pages={250-252},
  doi={10.1109/CJMW.2008.4772417}}

  @book{pair_microstrip_line,
  author    = "Wadell, Brian C.",
  title     = "Transmission line design handbook",
  publisher = "Artech House",
  year      = "1991",
  series    = "The Artech House microwave library",
  number    = "",
  URL       = "https://ci.nii.ac.jp/ncid/BA13020310",
}

@INPROCEEDINGS{ground_microstrip_line,
  author={Hammerstad, Erik O.},
  booktitle={1975 5th European Microwave Conference}, 
  title={Equations for Microstrip Circuit Design}, 
  year={1975},
  volume={},
  number={},
  pages={268-272},
  doi={10.1109/EUMA.1975.332206}
}

@INPROCEEDINGS{stepped_frequency_continuous_wave,
  author={Kido, Takashi and Yokota, Yuya and Kawahara, Fumika and Sato, Motoyuki},
  booktitle={2011 IEEE International Geoscience and Remote Sensing Symposium}, 
  title={Wide band stepped-frequency ground penetrating radar}, 
  year={2011},
  volume={},
  number={},
  pages={55-58},
  doi={10.1109/IGARSS.2011.6048896}
}

@article{STFW_Kido,
  title={広帯域連続波周波数掃引型地中レーダ},
  author={城戸隆 and 佐藤源之},
  journal={物理探査},
  volume={69},
  number={4},
  pages={269-279},
  year={2016},
  doi={10.3124/segj.69.269}
}

@article{prestack_migration,
doi = {10.1088/0266-5611/20/6/S07},
url = {https://dx.doi.org/10.1088/0266-5611/20/6/S07},
year = {2004},
month = {nov},
publisher = {},
volume = {20},
number = {6},
pages = {S99},
author = {Xuan Feng and  Motoyuki Sato},
title = {Pre-stack migration applied to GPR for landmine detection},
journal = {Inverse Problems},
}

@inproceedings{gpr_migration,
  title={Subsurface imaging by the Ground Penetrating Radar},
  author={Toru Tamura and Kazuaki Watanabe and Yoshiki Saito},
  year={2004},
  url={https://api.semanticscholar.org/CorpusID:196418007}
}

@book{CVNN,
  title={Complex-valued neural networks},
  author={Hirose, Akira},
  volume={400},
  year={2012},
  publisher={Springer Science \& Business Media}
}

@article{remains_example,
  title={Detecting buried remains using ground-penetrating radar},
  author={Schultz, John J and Grasmueck, M and Weger, R and Muztaza, NM and Saidin, MM and Azwin, IN and Saad, R and Kofun, H and Leucci, G},
  journal={Department of},
  year={2012}
}

@article{landmine_CNN,
  title={Landmine detection and classification with complex-valued hybrid neural network using scattering parameters dataset},
  author={Yang, Chih-Chung and Bose, NK},
  journal={IEEE transactions on neural networks},
  volume={16},
  number={3},
  pages={743--753},
  year={2005},
  publisher={IEEE}
}

@ARTICLE{hidden_Markov,
  author={Yuksel, Seniha Esen and Bolton, Jeremy and Gader, Paul},
  journal={IEEE Transactions on Geoscience and Remote Sensing}, 
  title={Multiple-Instance Hidden Markov Models With Applications to Landmine Detection}, 
  year={2015},
  volume={53},
  number={12},
  pages={6766-6775},
  doi={10.1109/TGRS.2015.2447576}}
